@Article{BoydChua,
  author = 	 {S.  Boyd and L. 0.  Chua},
  title = 	 {Fading  Memory  and the Problem of Approximating  Nonlinear Operators with  Volterra  Series},
  journal = {IEEE  Transactions  On  Circuits  and  System},
  year = 	 1985,
  volume =	CAS32,
  number =	 11,
  pages =	 {1150-1161},
 }

@Article{Gilbert,
  author = 	 {E. G. Gilbert},
  title = 	 {Functional  Expansions  for  the  Response Nonlinear  Differential  Systems },
  journal = 	 {IEEE  Transactions  On  Automatic Control},
  year = 	 1977,
  volume =	 AC22,
  number =	 6,
  pages =	 {909-921},
 }

@Article{Goman94,
  author = 	 {M. G. Goman and A. N. Khrabrov},
  title = 	 {State-space representation of Aerodynamic Characteristics of an Aircraft at High-angle-of-attack},
  journal =  {AIAA Journal of Aircraft},
  year = 	 1994,
  volume =	 31,
  number =	 5,
  pages =	 {1109-1115},
 }


@Article{GomanAES1,
  author = 	 {M. G. Goman and A. V. Khramtsovsky and E. N. Kolesnikov},
  title = 	 {Evaluation of Aircraft Performance and Maneuvearbility by Computation of Attainable Equilibrium
  Sets},
  journal =  {AIAA Journal of Guidance Control and Dynamics},
  year = 	 2008,
  volume =	 31,
  number =	 2,
  pages =	 {329-339},
 }

 @InProceedings{GomanAES2,
  author = 	 {N. B. Abramov and M.G. Goman and E.N. Kolesnikov and M.E. Sidoryuk},
  title = 	 {Investigation of Attainable Equilibrium Sets for Evaluation of Flight Control Laws},
  booktitle = {48th AIAA Aerospace sciences Meeting and Exhibit},
  year =	   2010,
  publisher = {AIAA},
  address =	 {Orlando-Florida},
  pages =	 {1-12}
}


@TechReport{Tobak1,
  author = 	 {Murray Tobak and Lewis Schiff},
  title = 	 {On The Formulation of The Aerodynamic Characteristics in Aircraft Dynamics},
  institution =  {NASA Ames Research Centre},
  type =       {NASA-TM},
  number =    {1976-208969},
  year = 	 {1976},
  address =	 {Mofett Feild, California},
  month =	 {January}
}


@TechReport{Tobak2,
  author = 	 {Murray Tobak and Gary Chapman},
  title = 	 {Nonlinear problems in Flight Dynamics involving Aerodynamic Bifurcations},
  institution =  {NASA Ames Research Centre},
  type =       {NASA-TM},
  number =    {86706},
  year = 	 {1985},
  address =	 {Mofett Feild, California},
  month =	 {January},
  pages =	 {2501-2515},
}

@TechReport{Tobak3,
  author = 	 {Murray Tobak and Gary Chapman and Lewis Schiff},
  title = 	 {Mathematical Modeling of the Aerodynamic Characteristics in Flight Dynamics},
  institution =  {NASA Ames Research Centre},
  type =       {NASA-TM},
  number =    {85880},
  year = 	 {1984},
  address =	 {Mofett Feild, California},
  month =	 {January},
}

@TechReport{F18derivatives,
  author = 	 {Keneth Iliff and Kong Sheng Charles Wang},
  title = 	 {Extraction of Lateral-Directional Control and Stability Derivatives for the Basic F18 Aircraft at High-Angles-of-Attack},
  institution =  {NASA Dryden Flight Research Centre},
  type =       {NASA-TM},
  number =    {4786},
  year = 	 {1997},
  address =	 {Edwards, California},
  month =	 {February},
}


@Article{Lamnabhi,
  author = 	 {Michel Fliess and Moustanir Lamnabhi and Francoise Lamnabhi-Larrigue},
  title = 	 {An Algebraic Approach to Nonilnear Functional Expansions},
  journal =  {IEEE Transactions on Circuits and Systems},
  year = 	 1983,
  month =    {August},
  volume =	 30,
  number =	 8,
  pages =	 {554-570},
 }


@Book{Rugh,
  author =	 {Wilson J. Rugh},
  title = 	 {Nonlinear System Theory: The Volterra/Weiner Approach},
  publisher = {The John Hopkins University Press},
  year = 	 1981,
}

@Book{Marmerelis,
  author =	 {Vasilis Z. Marmerelis},
  title = 	 {Nonlinear Dynamic Modeling of Physiological Systems},
  publisher = 	 {Wilay-IEEE},
  year = 	2004,
}


@INCOLLECTION{GomanWR,
  AUTHOR =       {M. G. Goman and A. N. Khrabrov and A. V. Khramtsovsky},
  TITLE =        {Chaotic Dynamics in Simple Aeromechanical System},
  BOOKTITLE =    {Fractal Geometry, Mathematical Methods, Algorithms and Applications},
  PUBLISHER =    {Harwood Publishing},
  YEAR =         {2002},
  editor =       {Blackledge and Evans and Turner},
  chapter =      {1},
  pages =        {1-16},
  edition =      {1},
  month =        {September},
}


@Book{Volterra,
  author =	 {Vito Volterra},
  title = 	 {Theory of Functionals and of Integral and Integro-differential Equations},
  publisher = {Dover Publications Inc., New York, 1930},
  ISBN   =  {9780486442846},
  year = 	 {2005},
}

@Book{Morelli,
  author =	 {Vladislav Klein and Eugene A. Morelli},
  title = 	 {Aircraft System Identification: Theory and Practice},
  isbn=      {9781563478321},
  publisher = {American Institute of Aeronautics and Astronautics},
  year = 	2006,
}


@Book{Jategaonkar,
  author    =	 {Ravindra V. Jategaonkar},
  title     = 	 {Flight vehicle System Identification: A Time Domain Methodology},
  publisher = 	{American Institute of Aeronautics and Astronautics},
  isbn      = {1563478366},
  year      = 	2006
}

@Book{Billings,
  author    =	 {Stephen A. Billings},
  title     = 	 {Nonlinear System Identification: NARMAX Methods in Time, Frequency and Spatio-Temporal Domains},
  publisher = 	{Wiley},
  isbn      =    {978-1-1199-4359-4},
  year      = 	2013
}

@InProceedings{OmranACC,
  author = 	 {Ashraff Omran and Brett Neuman},
  title = 	 {Nonlinear Cause.Effect Analysis for a Second Order System using Volterra Kernels},
  booktitle = 	{American Control Conference},
  year =	 2010,
  publisher =	 {AACC},
  address =	 {Baltimore, MD, USA},
  pages =	 {2706-2711}
}

@InProceedings{GreDiff,
  author = 	 {Doug Greenwell},
  title = 	 {Difficulties in the Application of Stability Derivatives to the Manoevering Aerodynamics of
  Combat Aircraft},
  booktitle = {International Council of Aeronautical Sciences},
  year =	   {1998},
  publisher = {ICAS},
  address =	 {Melbourne, Australia},
  pages =	 {1-12}
}

@TechReport{F16XLLong,
  author = 	 {Vladislav Klein and Patrick C. Murphy and Timothy M. Curry and Jay Brandon},
  title = 	 {Analysis of Longitudinal Static and Oscillatory Data of the F16-XL Aircraft},
  institution =  {NASA Langley Research Centre},
  year = 	   {1997},
  type =       {NASA-TM},
  number =     {1997-206276},
  address =	  {Hampton, VA},
  month =	  {December}
}

@TechReport{Klein,
  author = 	 {Vladislav Klein and Patrick C. Murphy},
  title = 	 {Estimation of Aircraft Nonlinear Unsteady Parameters From Wind Tunnel Data},
  institution =  {NASA Langley Research Centre},
  type =       {NASA-TM},
  number =    {1998-208969},
  year = 	 {1998},
  address =	 {Hampton, VA},
  month =	 {December}
}

@InProceedings{MurphyAGARD98,
  author = 	 {Vladislav Klein and Patrick C. Murphy},
  title = 	 {Aerodynamic Parameters of High Performance Aircraft Estimated From Wind Tunnel and Flight Test Data},
  booktitle = {Symposium on Identification for Integrated Aircraft Development and Flight Testing},
  year =	   {1998},
  publisher = {NATO},
  address =	 {Madrid, Spain},
  pages =	 {18.1-18.20},
  month = {May}
}

@InProceedings{Murphy01,
  author = 	 {Patrick C. Murphy and Vladislav Klein},
  title = 	 {Estimation of Aircraft Unsteady Aerodynamic Parameters from Dynamic Wind Tunnel Testing},
  booktitle = {Atmospheric Flight Mechancis Conference},
  year =	   {2001},
  publisher = {AIAA 2001-4016},
  address =	 {Montreal, Canada},
  pages =	 {1-9},
  month = {August}
}


@TechReport{Theodorsen,
  author = 	 {Theodore Theodorsen},
  title = 	 {General Theory of Aerodynamic Instability and The Mechanism of Flutter},
  institution =  {NACA Langley Memorial Aeronautical Laboratory},
  type =       {Report},
  number =    {496},
  year = 	 {1935},
  address =	 {Washington},
  month =	 {March}
}


@Article{Wagner,
  author = 	 {Wagner H.},
  title = 	 {Uber die Entstehung des Dynamischen Auftreibues von Tragflugeln},
  journal =  {ZAMM},
  year = 	 1925,
  volume =	 5,
  number  =   1,
  pages =	 {17-35},
  month =    {February},
 }

 @Article{Kussner,
  author = 	 {H. G. Kussner},
  title = 	 {Zussamenfassender Bericht uder den Instationer Auftrieb von Flugeln},
  journal =  {Luftfahrtforshchung},
  year = 	 1936,
  volume =	 13,
  number  =  12,
  pages =	{410-424},
  month =   {December}
 }

  @Article{Schroeder,
  author = 	 {M. R. Schroeder},
  title = 	 {Synthesis of low peak-factor signals and binary sequences with low auto-correlations},
  journal =  {IEEE Transactions of Information Theory},
  year = 	 1970,
  volume =	 1,
  number  =  1,
  pages =	{85-89},
  month =   {January}
 }


@TechReport{X31,
  author = 	 {Mark S. Smith},
  title = 	 {Analysis of Wind Tunnel Oscillatory data of the X31},
  institution =  {NASA Langley Research Centre},
  type =       {NASA-CR},
  number =    {208725},
  year = 	 {1999},
  address =	 {Hampton, VA},
  month =	 {February}
}

@InProceedings{MurphyMethods,
  author = 	{Patrick C. Murphy and Vladislav Klein},
  title = 	{Validation of Methodology for Estimating Aircraft Unsteady Aerodynamic Parameters from Dynamic
  Wind Tunnel Tests},
  booktitle = {AIAA Atmosperic Flight Mechanics Conference and Exhibit},
  year =	 2003,
  publisher = {AIAA 2003-5397},
  address =	 {Austin, Texas},
 }

 @InProceedings{MurphyErrrors,
  author = 	{Sungwan Kim and Patrick C. Murphy and Vladislav Klein},
  title = 	{Evaluation and Analysis of F16XL Wind Tunnel Data Dynamic Tests},
  booktitle = {AIAA Atmosperic Flight Mechanics Conference and Exhibit},
  year =	 2003,
  publisher = {AIAA 2003-5396},
  address =	 {Austin, Texas},
 }

@InProceedings{MurphyGA,
  author = 	{Bandu Pamadi and Patrick C. Murphy and Vladislav Klein and Jay Brandon},
  title = 	{Prediction of Unsteady Aerodynamic Coefficients At High Angle-of-attack},
  booktitle = {AIAA Atmosperic Flight Mechanics Conference and Exhibit},
  year =	 2001,
  publisher = {AIAA 2001-4077},
  address =	 {Austin, Texas},
 }

 @InProceedings{MurphyGTM,
  author = 	{Patrick C. Murphy and Vladislav Klein and Neal Frink},
  title = 	{Unsteady Aerodynamic Modeling in Roll for the NASA Generic Transport Model},
  booktitle = {AIAA Atmosperic Flight Mechanics Conference and Exhibit},
  year =	  2012,
  publisher = {AIAA 2012-4652},
  address =	 {Minneapolis, Minnesota},
 }

 @InProceedings{Myatt2004,
  author = 	{Denial Allwine and Jeremy Strauler and Douglas Lawrence and Jerry Jenkins and James Myatt},
  title = 	{Nonlinear Modeling of Unsteady Aerodynamics at High Angle-of-attack},
  booktitle = {AIAA Atmosperic Flight Mechanics Conference and Exhibit},
  year =	  2004,
  publisher = {AIAA 2004-5275},
  address =	 {Providence, Rhode Island},
 }


@InProceedings{upset,
  author = 	{ John Foster and Kevin Cunningham and Charles Fremaux and Gautam Shah and Eric Stewart and Robert
  Rivers et. al.},
  title = 	 {Dynamics Modeling and Simulation of Large Transport Airplanes in Upset Conditions},
  booktitle = {AIAA Guidance, Navigation, and Control Conference and Exhibit},
  year =	   2005,
  publisher = {AIAA 2005-5933},
  address =	 {San Francisco, California},
 }

@Article{VAeroelas1,
  author = 	 {Walter Silva},
  title = 	 {Identification of Nonlinear Aeroelastic Systems Based on the Volterra Theory: Progress and
  Opportunities},
  journal =  {Nonlinear Dynamics},
  year = 	 2005,
  volume =	 39,
  pages =	 {25-62},
 }

 @Article{SilvaUnst,
  author = 	 {Walter A. Silve and David J. Piatak and Robert C. Scott },
  title = 	 {Identification of Experimental Unsteady Aerodynamic Impulse Responses},
  journal =  {Journal of Aircraft},
  year = 	 2005,
  volume =	 42,
  number =   6,
  pages =	 {1548-1552},
}

@InProceedings{ReisenNIR,
  author = 	 {P. H. Resisenthel},
  title = 	 {Development of Nonlinear Indicial Model for Maneuvering Fighter Aircraft},
  booktitle = {AIAA Atmosperic Flight Mechanics Conference and Exhibit},
  year =	  1996,
  publisher = {AIAA 1996-0896},
}


@InProceedings{ReiKernel,
  author = 	 {Patrick. H. Resisenthel},
  title = 	 {Prediction of Unsteady Aerodynamic Forces via Nonlinear Kernel Idnetification},
  booktitle = {AIAA/NASA Langley International Forum on Aeroelasticity and Structural Dynamics},
  year =	  1999,
  address =	 {Williamsburg, VA},
  publisher = {AIAA},
}

@InProceedings{Reisenthel99,
  author = 	 {P. Resisenthel and M. Battencourt},
  title = 	 {Extraction of Nonlinear Indicial and Critical State Responses from Experimental data},
  booktitle = {37th AIAA Aerospace Sciences Meeting and Exhibit},
  year =	  1999,
  month =     {January},
  address =	 {Reno, NV},
  publisher = {AIAA 1999-0764},
}

@InProceedings{VX31,
  author = 	 {P. H. Reisenthel},
  title = 	 {Application of Volterra functions to X-31 Aircraft model Motion},
  booktitle = {AIAA Applied Aerodynamics Conference},
  year =	  2009,
  publisher = {AIAA 2009-3269},
  address =	 {San Antonio, Texas},
 }

@Article{VPGlobal,
  author = 	 {A. Omran and B. Newman},
  title = 	 {Peicewise Global Nonlinear Modeling and Charactirisation of Aircraft Dynamics},
  journal =  {Journal of Guidance Control and Dynamics},
  year = 	 2005,
  volume =	 32,
  number =   3,
  pages =	 {749-759},
}

@InProceedings{Marques,
  author = 	 {F. D. Marques and E. M. Belo},
  title = 	 {Identification of Aircraft Nonlinear Dynamics using Volterra Series},
  booktitle = {21st ICAS Congress},
  year =	  1998,
  month =    {September},
  publisher = {ICAS},
  address =	 {Melbourne, Australia},
 }


@InProceedings{Ignatyev,
  author = 	{D. I. Ignatyev and A. N. Khrabrov},
  title = 	{Model of Unsteady Aerodynamic Characteristics at High Angle-of-attack with Nonlinear Dependency in
  Angular Rate},
  booktitle = {29th Congress of the International Council of Aeronautical Sciences},
  year      =	  2014,
  month     =     {September},
  publisher = {ICAS},
  address   =	 {St. Petersburg, Russia},
 }


@InProceedings{UAM2011,
  author = 	{A, Da. Ronch and A. McCraken and K. J. Badcock and M. Ghoryeshi and R. M. Cummings},
  title = 	 {Modeling of Unsteady Aeordynamic Loads},
  booktitle = {AIAA Atmosperic Flight Mechanics Conference},
  year =	  2011,
  publisher = {AIAA 2011-6524},
  address =	 {Portland, Oregon},
 }


@InProceedings{GreComp,
  author = 	{ Hilton Kyle and Mark Lowenberg and Doug Greenwell},
  title = 	 {Comparative Evaluation of Unsteady Aeordynamic Modeling Approaches},
  booktitle = {AIAA Atmosperic Flight Mechanics Conference and Exhibit},
  year =	   2004,
  publisher = {AIAA 2004-5272},
  address =	 {Providence, Rhode Island},
 }


@InProceedings{GreReview,
  author = 	{ Doug Greenwell},
  title = 	 {A Review of Flight Dynamic Modeling for Flight Dynamics of Manoeuvrable Aircraft},
  booktitle = {AIAA Atmosperic Flight Mechanics Conference and Exhibit},
  year =	   2004,
  publisher = {AIAA 2004-5276},
  address =	 {Providence, Rhode Island},
 }

@InProceedings{Abramov1,
  author = 	{ N. Abramov and M. Goman and A. Khrabrov},
  title = 	 {Aircraft Dynamics at High Incidence Flight with Account of Unsteady Aerodynamic Effects },
  booktitle = {AIAA Atmosperic Flight Mechanics Conference and Exhibit},
  year =	   2004,
  publisher = {AIAA 2004-5274},
  address =	 {Providence, Rhode Island},
 }

@InProceedings{Abramov99,
  author = 	{N. B. Abramov and M. G. Goman and A. N. Khrabrov and K. A. Kolinko},
  title = 	 {Simple Wings Unsteady Aerodynamics at High Angle of Attack : Experimental and Modeling Results},
  booktitle = {AIAA Atmosperic Flight Mechanics Conference and Exhibit},
  year =	   1999,
  publisher = {AIAA 1999-4013},
  address =	 {Chicago, Illinois},
 }

@PHDTHESIS{AbramovThesis,
  AUTHOR =       {Nikolay Abramov},
  TITLE =        {Modelling of Unsteady Aerodynamic Characteristics for Aircraft Dynamics Applications at High Angles of Attack},
  SCHOOL =       {De Montfort University},
  YEAR =         {2005},
  type =         {PhD Thesis},
  month =        {June},
}

@Article{5DOFbristol,
  author = 	{ J. Pattison and M. H. Lowenberg and M. G. Goman},
  title = 	 {Multi-Degree-of-Freedom Wind Tunnel Maneuver Rig for Dynamic Simulation and Aerdynamic Model
  Identification},
  journal =  {AIAA Journal of Aircraft},
  year = 	 2013,
  month =    {March-April},
  volume =	 50,
  number =	 2,
  pages =	 {551-566},
 }


@InProceedings{5DOFKanpur,
  author = 	{ A. Sen and P. Bhange and P. Wahi },
  title = 	 {A 5 Degree-of-Freedom Rig for Wind Tunnel Tests of Aerospace Vehicles},
  booktitle = {AIAA Atmosperic Flight Mechanics Conference and Exhibit},
  year =	   2009,
  publisher = {AIAA 2009-5605},
  address =	 {Chicago, Illinois},
 }

@InProceedings{Abramov2,
  author = 	{ Nickolay Abramov and Mikhail Goman and Doug Greenwell and Alexander Khrabrov},
  title = 	 {Two Step Regression Method for Identification of High-Incidence Unsteady Aerodynamic Model},
  booktitle = {AIAA Atmosperic Flight Mechanics Conference and Exhibit},
  year =	   2001,
  publisher = {AIAA 2001-4080},
  address =	 {Providence, Rhode Island},
 }

 @InProceedings{F18pitch,
  author = 	{ Mike Heller and Jessica Holmberg and Robert P. David },
  title = 	 {Significance of Unsteady Aerodynamic Effects in F/A-18C/D Pitching Moment},
  booktitle = {AIAA Atmosperic Flight Mechanics Conference and Exhibit},
  year =	   2006,
  publisher = {AIAA 2006-6485},
  address =	 {Keystone, Colorado},
 }


@TechReport{AGARDcp548,
  author = 	 {Multiple},
  title = 	 {Technologies for Highly Manoevarable Aircraft},
  INSTITUTION =  {NATO-AGARD},
  year = 	  {1993},
  type =	 {Conference Proceedings},
  number =    {CP-548},
  month =	 {October}
}

@InCollection{AGARDAR305,
  author = 	 {D. Tristrant},
  title = 	 {Analysis of Nonlinear and Unsteady Data for Mathematical Modeling},
  booktitle = 	{Cooperative Program on Dynamic Wind Tunnel Experiments of Manoeuvring Aircraft},
  year = 	  1996,
  publisher =  {AGARD AR-305},
  address =    {France},
  pages =	 {1-6}
}


@INPROCEEDINGS{ReiFin,
  author = 	{Patrick Reisenthel and W. Xie and Ismet Gurusul},
  TITLE =    {An analysis of Fin Motion Induced Vortex Breakdown},
  booktitle = {37th AIAA Aerospace Sciences Meeting and Exhbit},
  YEAR =      {1999},
  publisher =    {AIAA},
  number =       {99-0316},
  address =      {Reno, NV},
}

@INPROCEEDINGS{Idensurvey,
  AUTHOR =       {S. A. Billings},
  TITLE =        {Identification of Nonlinear Systems - A Survey},
  BOOKTITLE =    {IEE Proceedings D Control Theory and Applications},
  YEAR =         {1980},
  volume =       {127},
  number =       {6},
  pages =        {272-285},
  month =        {Nov},
}

@Article{Boer1,
  author = 	 {A. M. Cunnigham and R G. den Boer},
  title = 	 {Low-speed Unsteady Aerodynamics of Pitching Straked Wing at High Incidence-PartI:Test Program},
  journal =  {Journal of Aircraft},
  year = 	 1990,
  volume =	 27,
  number =   1,
  pages =	 {23-30},
}


@Article{Boer2,
  author = 	 {A. M. Cunnigham and R G. den Boer},
  title = 	 {Low-speed Unsteady Aerodynamics of Pitching Straked Wing at High Incidence-PartII:Harmonic
  Analsysis},
  journal =  {Journal of Aircraft},
  year = 	 1990,
  volume =	 27,
  number =   1,
  pages =	 {31-41},
}

@Article{Gursul,
  author = 	 {Ismet Gursul},
  title = 	 {Review of Unsteady Vortex Flows over Slender Delta Wing},
  journal =  {Journal of Aircraft},
  year = 	 2005,
  volume =	 42,
  number =   2,
  pages =	 {299-319},
}

@Article{EricRoll,
  author = 	 {Lars E. Ericson},
  title = 	 {The time-History Effects on a Rolling 65-Degree Delta-Wing-Body Configuration},
  journal =  {Journal of Aircraft},
  year = 	 1999,
  volume =	 36,
  number =   3,
  pages =	 {489-495},
}

@Article{EricSideslip,
  author = 	 {Lars E. Ericson},
  title = 	 {Vortex Charactersitics of Pitching Double-Delta Wings},
  journal =  {Journal of Aircraft},
  year = 	 1999,
  volume =	 36,
  number =   2,
  pages =	 {349-356},
}

@Article{EricPitch,
  author = 	 {Lars E. Ericson},
  title = 	 {Pitch Rate Effects on Delta Wing Vortex Breakdown},
  journal =  {Journal of Aircraft},
  year = 	 1996,
  volume =	 33,
  number =   3,
  pages =	 {639-642},
}

@Article{Nelson,
  author = 	 {Alain Pelletier and Robert Nelson},
  title = 	 {The Unsteady Aerodynamics of Slender Wings and Aircrafts undergoing Large Amplitude Manuevers},
  journal =  {Progress in Aerospace Sciences},
  year = 	 2003,
  volume =	 39,
  pages =	 {189-248},
}


@InProceedings{UAM2011,
  author = 	{A, Da. Ronch and A. McCraken and K. J. Badcock and M. Ghoryeshi and R. M. Cummings},
  title = 	 {Modeling of Unsteady Aeordynamic Loads},
  booktitle = {AIAA Atmosperic Flight Mechanics Conference},
  year =	  2011,
  publisher = {AIAA 2011-6524},
  address =	 {Portland, Oregon},
 }


@InProceedings{Lutze1,
  author = 	{Pedro de. Oliveira Neto and Fredrick Lutze},
  title = 	 {First order Unsteady Aerodynamic Model that Includes Static Hysteresis Phenomena},
  booktitle = {AIAA Atmosperic Flight Mechanics Conference and Exhibit},
  year =	   2002,
  publisher = {AIAA 2002-4803},
  address =	 {Monterey, California},
 }


 @Book{LutzeThesis,
  author    =	 {Yigang Fan},
  title     = 	 {Identification of an Unsteady Aerodynamic Model up to High Angle of Attack Regimes},
  publisher = 	{Virginia Polytechnic Institute and State University},
  isbn      = {111},
  year      = {1997},
}

@InProceedings{PashMulti,
  author = 	{A. A. Pashilkar and S. Pradeep},
  title = 	 {Aerodynamic Modeling using Multivariate orthogonal Polynomials},
  booktitle = {AIAA Atmosperic Flight Mechanics Conference and Exhibit},
  year =	   1999,
  publisher = {AIAA 1999-4014},
  address =	 {Monterey, California},
 }

 @InProceedings{PashFIRM,
  author = 	{Abhay A. Pashilkar},
  title = 	 {Flow Incidence Rate Model of Unsteady Aerodynamics at High Angles of Attack},
  booktitle = {19th Applied Aerodynamics Conference},
  year =	   1999,
  publisher = {AIAA 2001-2469},
  address =	 {Anaheim, California},
 }


 @Article{Singh1,
  author = 	 {J. Singh and R. V. Jategaonkar},
title = 	 {Identification of Lateral-Directional Behaviour in Stall from Flight Data},
  journal =  {AIAA Journal of Aircraft},
  year = 	 1995,
  volume =	 33,
  number =	 3,
  pages =	 {627-630},
 }

@InProceedings{Singh2,
  author = 	 {J. Singh and R. V. Jategaonkar},
  title = 	 {Flight Determination of Configruational Effects on Aircraft Stall Behaviour},
  booktitle = {AIAA Atmosperic Flight Mechanics Conference and Exhibit},
  year =	   1996,
  publisher = {AIAA 1996-3441},
  address =	 {San Diego, CA},
 }

@Book{MyattThesis,
  author    =	 {James Myatt},
  title     = 	 {Unsteady Aerodynamic Modeling by load partitioning},
  publisher = 	{PhD Thesis, Stanford University},
  year      =  {1997},
}


@Book{PrincetonThesis,
  author    =	{Steven L. Brunton},
  title     = 	 {Unsteady Aerodynamic Models for Agile Flights at Low Reynolds Numbers},
  publisher = 	{PhD Thesis, Princeton University},
  year      =  {2012},
}

@Article{F16XLCFD,
  author = 	 {O. J. Boelens and K. J. Badcock and A. Elmilgui and K. S. Abdol-Hamid and S. J. Massey},
  title = 	 {Comparison of Measured and the Block Structured Simulation results for the F16XL Aircraft},
  journal =  {AIAA Journal of Aircraft},
  year = 	 2009,
  month =    {March-April},
  volume =	 46,
  number =	 2,
  pages =	 {377-384},
 }


@TechReport{ONERA1,
  author = 	 {K. W. McAlister and O. Lambert and Petot},
  title = 	 {Application of ONERA Model of Dynamic Stall},
  institution =  {NASA Ames Research Centre},
  type =       {NASA-TP},
  number =    {2399},
  month =	 {November},
  year = 	 {1984},
  address =	 {Mofett Feild, California}
}

@TechReport{AGARDAR155A,
  author = 	 {Multiple},
  title = 	 {Manuever Limitations of a Combat Aircraft},
  institution =  {NATO},
  type =       {AGARD-AR},
  number =    {155A},
  month =	 {August},
  year = 	 {1979},
  address =	 {France}
}


@TechReport{Exp8Airfoil1,
  author = 	 {W. J. McCroskey and K. W. McAlister and L. W. Carr and S. L. Pucci},
  title = 	 {An Experimental Study of Dynamic Stall on Advanced Airfoils, Volume 1. Summary of Experiments},
  institution =  {NASA Ames Research Centre},
  type =       {NASA-TM},
  number =    {84245},
  month =	 {July},
  year = 	 {1982},
  address =	 {Mofett Feild, California}
}


@TechReport{Exp8Airfoil2,
  author = 	 {K. W. McAlister and S. L. Pucci and W. J. McCroskey and L. W. Carr },
  title = 	 {An Experimental Study of Dynamic Stall on Advanced Airfoils, Volume 2. Pressure and Froce Data},
  institution =  {NASA Ames Research Centre},
  type =       {NASA-TM},
  number =    {84245},
  month =	 {September},
  year = 	 {1982},
  address =	 {Mofett Feild, California}
}

 @Article{Turbine1,
  author = 	 {J. Gordon Leishman},
title = 	 {Challenges in Modeling the unsteady Aerodynamic of Wind Turbines},
  journal =  {Wind Energy},
  year = 	 2002,
  volume =	 5,
  pages =	 {85-132},
 }


 @Article{Helicopter1,
  author = 	 {Jyoti Ranjan Majhi and Ranjan Ganguli},
  title = 	 {Helicopter Blade Flapping with and without Small Angle Assumption in Presence of Dynamic Stall},
  journal =  {Applied Mathematical Modeling},
  year = 	 2010,
  volume =	 34,
  pages =	 {3726-3740},
 }



 @Article{FlapWing,
  author = 	 {Steven Ho and Hany Nassef and Nick Ponsinssirirak and Yu-Chong Tai and Chih-Ming Ho},
  title = 	 {Unsteady Aerodynamics and Flow Control of Flapping Wing Flyers},
  journal =  {Progress in Aerospace Sciences, Elsevier},
  year = 	 2003,
  volume =	 39,
  pages =	 {635-681},
 }



@Article{Boydmeasure,
  author = 	 {Stephen Boyd, Y. S. Tang and  Leon O. Chua},
  title = 	 {Measuring Volterra Kernels},
  journal = {IEEE  Transactions  On  Circuits  and  System},
  year = 	 1983,
  volume =	 CAS30,
  number =	 8,
  pages =	 {571-577},
 }

@Article{Kernel_periodic,
  author = 	 {Ceri Evans and David Rees and Lee Jones and Micheal Weiss},
  title = 	 {Periodic Signals for Measuting Nonlinear Volterra Kernels},
  journal = {IEEE  Transactions  On  Measurement and Instrumentation},
  year = 	 1996,
  volume =	 45,
  number =	 2,
  pages =	 {362-371},
 }


@Article{Bedrosian,
  author = 	 {Edward Bedrosian and Stephen O. Rice},
  title = 	 {Output Properties of Volterra Systems (Dynamic Systems with Memory) Driven by Harmonic and
  Gaussian Inputs},
  journal =  {Proceedings of IEEE},
  year = 	 1971,
  volume =	 59,
  number =	 12,
  pages =	 {1688-1707},
 }

 @Article{Narayanan,
  author = 	 {M. D. Narayanan, S. Narayanan and S. Padmanabhan},
  title = 	 {Multiharmonic Excitation for Nonlinear System Identification},
  journal =  {Journal of Sound and Vibration},
  year = 	 2008,
  volume =	 311,
  pages =	 {707-728},
 }

 @Article{Barrett,
  author = 	 {J. M. Barrett},
  title = 	 {The Use of Volterra Series to Find a Region of Stability of a Non-linear Differential Equation},
  journal =  {International Journal of Control},
  year = 	 {1965},
  volume =	 {1-3},
  pages =	 {209-216},
 }

@Article{Animesh,
  author = 	 {Animesh Chatterjee and Nalinakh S, Vyas},
  title = 	 {Convergence Analysis of Volterra Series Response of Nonlinear Systems subjected to Harmonic
  Excitation},
  journal =  {Journal of Sound and Vibration},
  year = 	 2000,
  volume =	 236,
  number =	 2,
  pages =	 {339-358},
 }


@Article{Billings_param,
  author = 	 {L. M. Li and S. A. Billings},
  title = 	 {Estimation of Generalised Frequency Response Functions for quadratically and cubically nonlinear
  systems},
  journal =  {Journal of Sound and Vibration},
  year = 	 2011,
  volume =	 330,
  pages =	 {461-470},
 }

@Article{PengLang,
  author = 	 {Z. K. Peng and Z. Q. Lang},
  title = 	 {On Convergence of Volterra-series representation of Duffing's Oscillator Subjected to Harmonic
  Excitation},
  journal =  {Journal of Sound and Vibration},
  year = 	 2007,
  volume =	 305,
  pages =	 {322-332},
 }

@Article{Billings_oscillator,
  author = 	 {L. M. Billings, S. A. Billings},
  title = 	 {Analysis of Nonlinear Oscillators using Volterra Series in Frequency domain},
  journal =  {Journal of Sound and Vibration},
  year = 	 2011,
  volume =	 330,
  pages =	 {337-355},
 }

@Article{Duff,
  author = 	 {M. J. Brenan and I. Kovacic  and A. Carella and T. P. Waters},
  title = 	 {On the jump-up and jump-down frequencies of the Duffings oscillator system},
  journal =  {Journal of Sound and Vibration},
  year = 	 2008,
  volume =	 318,
  pages =	 {1250-1261},
 }

 @Article{HelieLaroche,
  author = 	 {Thomas Helie and Beatrice Laroche},
  title = 	 {Computation of Convergence Bound for Volterra Series of Linear-Analytic Single-Input Systems},
  journal =  {IEEE  Transactions  On  Automatic Control},
  year = 	 2011,
  volume =	 56,
  number =	 9,
  pages =	 {2062-2072},
 }

  @Article{Iden_review,
  author = 	 {Gaetan Gersche and Keith Wroden and Alexander F. Vakakis and Jean-Cloude Golinval},
  title = 	 {Past, Present and Future of Nonlinear System Identification in Structural Dynamics},
  journal =  {Mechanical Systems and Signal Processing},
  year = 	 2006,
  volume =	 20,
  pages =	 {509-522},
 }


@ARTICLE{AWSIntro,
  AUTHOR =       {Robert. M. Hall and Shawn. H. Woodson},
  TITLE =        {Introduction to the Abrupt Wing Stall program},
  JOURNAL =      {Journal of Aircraft},
  YEAR =         {2004},
  volume =       {41},
  number =       {3},
  pages =        {425-435},
  month =        {May-June},
}


@ARTICLE{AWSHistory,
  AUTHOR =       {Joseph R. Chambers and Robert. M. Hall},
  TITLE =        {Historical Review of Uncommanded Lateral-Directional motions at Transonic Conditions},
  JOURNAL =      {Journal of Aircraft},
  YEAR =         {2004},
  volume =       {41},
  number =       {3},
  pages =        {436-447},
  month =        {May-June},
}

@ARTICLE{AWSAnalysis,
  AUTHOR =       {D. Bruce Owens and Francis J. Capone and Robert M. Hall and Jay M. Brandon and Joseph R.
  Chambers},
  TITLE =        {Transonic Free-to-Roll analysis of Abrupt wing stall on military aircraft},
  JOURNAL =      {Journal of Aircraft},
  YEAR =         {2004},
  volume =       {41},
  number =       {3},
  pages =        {474-484},
  month =        {May-June},
}

@ARTICLE{AWSStatic,
  AUTHOR =       {John E. Lamar and Francis J. Capone and Robert M. Hall and S. Naomi McMillin},
  TITLE =        {Usefulness of Transonic Model Static Data in Predicting Flight Abrupt-Wing-Stall},
  JOURNAL =      {Journal of Aircraft},
  YEAR =         {2004},
  volume =       {41},
  number =       {3},
  pages =        {464-473},
  month =        {May-June},
}

@ARTICLE{AWSF18,
  AUTHOR =       {David Schuster and James Byrd},
  TITLE =        {Transonic Unsteady Aerodynamics of the F/A-18E under Conditions Promoting Abrupt Wing
  Stall},
  JOURNAL =      {Journal of Aircraft},
  YEAR =         {2004},
  volume =       {41},
  number =       {3},
  pages =        {485-492},
  month =        {May-June},
}

@ARTICLE{AWSFTR,
  AUTHOR =       {Francis J. Capone and D. Bruce Owens and Robert M. Hall},
  TITLE =        {Development of Transonic Free-to-Roll Test Capability},
  JOURNAL =      {Journal of Aircraft},
  YEAR =         {2004},
  volume =       {41},
  number =       {3},
  pages =        {456-463},
  month =        {May-June},
}

@ARTICLE{AWSFuture,
  AUTHOR =       {Francis J. Capone and D. Bruce Owens and Robert M. Hall and John E. Lamar and Naomi S.
  McMillin},
  TITLE =        {Reveiw and Recommended Experimental Procedures for Evaluation of Abrupt Wing Stall
  Charcateristics},
  JOURNAL =      {Journal of Aircraft},
  YEAR =         {2004},
  volume =       {41},
  number =       {3},
  pages =        {448-455},
  month =        {May-June},
}


@ARTICLE{AWSApproach,
  AUTHOR =       {Stephen P. Cook and Alexander Kokolios and Anthony Page and Joseph Chambers and Robert
  Neiwoehner and D. Bruce Owens and Michael Roesch},
  TITLE =        {Integrated Approach to Assessment of Transonic Abrupt Wing Stall for Advanced Aircraft},
  JOURNAL =      {Journal of Aircraft},
  YEAR =         {2005},
  volume =       {42},
  number =       {3},
  pages =        {646-652},
  month =        {May-June},
}

@ARTICLE{AWSSimulation,
  AUTHOR =       { Alexander Kokolios and Stephen P. Cook and Robert Neiwoehner},
  TITLE =        {Use of Piloted Simulation for Evaluation of Abrupt-Wing-Stall Characteristics},
  JOURNAL =      {Journal of Aircraft},
  YEAR =         {2005},
  volume =       {42},
  number =       {3},
  pages =        {641-645},
  month =        {May-June},
}


@ARTICLE{AWSCFD,
  AUTHOR =       {Tiger L. Jeans and Adam Jirasek and David R. McDaniel and Keith Bergeron and Russel Cummings},
  TITLE =        {Modeling the Nonlinear Dynamic Roll of Generic Fighter Using Delayed Detached Eddy Simulation},
  JOURNAL =      {Journal of Aircraft},
  YEAR =         {2012},
  volume =       {49},
  number =       {4},
  pages =        {1110-1125},
  month =        {July-August},
}


 @InProceedings{AWSF35,
  AUTHOR =       {Jeffery McConnell},
  TITLE =        {Use of Transonic Free to Roll Testing in the Design Phase of the Joint Strike Fighter},
  YEAR =         {2006},
  booktitle =    {Aerodynamic Measurement Technology and Ground Testing Conference},
  publisher = {AIAA 2006-3925},
  address =      {San Francisco, Californica},
  month =        {June},
 }

@InProceedings{F18F35,
  author = 	{D. Bruce Owens and Jeffery McConnell and Jay M. Brandon and Robert M. Hall},
  title = 	{Transonic Free-To-Roll Analysis of the F/A-18E and F-35 Configurations},
  booktitle = {AIAA Atmosperic Flight Mechanics Conference and Exhibit},
  year     =	 2004,
  publisher = {AIAA 2004-5053},
  address =      {Providence, rhode Island},
  month =        {August},
 }

@InProceedings{AWSX31,
  author = 	{Mehdi Ghoreyshi and Martiqua L. Post and Russell Cummings and Andrea Da Raonch and Kenneth Badcock},
  title = 	{Transonic Aerodynamic Loads Modeling of X31 Aicraft},
  booktitle = {30th AIAA Applied Aerodynamics Conference},
  year     = 2004,
  publisher = {2012-3127},
  address =      {New Orleans, Lousiana},
  month =        {June},
 }

@InProceedings{Brandon,
  author = 	{Jay Brandon and John Foster},
  title = 	{Recent Dynamic Measurements and Considerations for Aerodynamic Modeling of Fighter Airplane Configurations},
  booktitle = {AIAA Applied Aerodynamics Conference},
  year     =    1998,
  publisher = {1998-4447},
  address =      {New Orleans, Lousiana},
  month =        {June},
 }


@BOOK{BoucWen,
  AUTHOR =       {Faykal Ikouhane and Jose Rodellar},
  TITLE =        {Systems with Hysteresis: Analysis, Identification and Control using Bouc-Wen Model},
  PUBLISHER =    {Wiley},
  YEAR =         {2007},
  month =        {September},
  isbn =         {978-0-470-51319-4},
}




@ARTICLE{Schaft1,
  AUTHOR =       { A. J. Van der Schaft},
  TITLE =        {On Realisation of Nonilnear Systems Described by Higher Order Nonlinear Differential Equations},
  JOURNAL =      {Mathematical Systems Theory},
  publisher =    {Springer-Verilag},
  YEAR =         {1987},
  volume =       {19},
  pages =        {239-275},
}


  @Article{IgnatyevNN,
  author = 	 {M. R. Schroeder},
  title = 	 {Neural network modeling of unsteady aerodynamic characteristics at high angles of attack},
  journal =  {Aerospace Science and Technology},
  publisher =    {Elsevier},
  year = 	 2014,
  volume =	 2015,
  number  =  41,
  pages =	{106-115},
  month =   {December}
 }

 @Article{NeuralNet,
  author = 	 {William E. Faller and Scott J. Schreck},
  title = 	 {Unsteady Fluid Mechanics Applications of Neural Networks},
  journal =  {Journal of Aircraft},
  publisher =    {AIAA},
  year = 	 1997,
  volume =	 34,
  number  =  1,
  pages =	{48-55},
  month =   {January}
 }


  @Article{AeroElas1,
  author = 	 {Richard Pranzenica and Patrick Reisenthel and Andrew Kurdila and Martin Brenner},
  title = 	 {Volterra Kernel Extrapolation for Modeling Nonlinear Aeroelastic Systems at Novel Flight Conditions},
  journal =  {Journal of Aircraft},
  publisher =    {AIAA},
  year = 	 2007,
  volume =	 44,
  number  =  1,
  pages =	{149-162},
  month =   {January}
 }

  @Article{Khrabrov1,
  author = 	 {Alexander Khrabrov and Doug Greenwell},
  title = 	 {Influence of Steady Pitch-rate on 2-D Airfoil Aerodynamic Characteristics at Incidence},
  journal =  {Journal of Aircraft},
  publisher =    {AIAA},
  year = 	 2006,
  volume =	 43,
  number  =  5,
  pages =	{1552-1555},
  month =   {September}
 }


 @InProceedings{MalleshAFM,
  author = 	{Mallesh Bommanahal and Mikhail Goman},
  title = 	 {Nonliear Unsteady Aerodynamic Modeling by Volterra Variational Approach},
  booktitle = {AIAA Atmosperic Flight Mechanics Conference and Exhibit},
  year =	   2012,
  publisher = {AIAA 2012-4654},
  address =	 {Minnesota, Minneapolis, USA},
  month = {August},
 }

  @InProceedings{MalleshAWS,
  author = 	{M. Devaprakash and Mallesh Bommanahal and Amitabh Saraf},
  title = 	 {Mathematical Modeling of Abrupt Wing Stall of a Generic Tailless delta wing Aircraft for Flight simulation},
  booktitle = {Symposium on Applied Aerodynamics and Design of Aerospace Vehicles 2013},
  year =	   2013,
  publisher = {SAROD},
  address =	 {Hyderabad, India},
  month = {December},
 }

 @InProceedings{MalleshICAS,
  author = 	{Nikolay Abramov and Mallesh Bommanahal and Shyam Chetty and PVS Murthy and Mikhail Goman},
  title = 	 {Flight Envelope Expansion VIA Active Control Solution for a Generic Tailless Aircraft},
  booktitle = {29th Congress of the International Council of Aeronautical Science},
  year =	   2014,
  publisher = {ICAS},
  address =	 {St.Petersburg, Russia},
  month = {September},
 }


@MISC{MurphyLetter,
  author =       {Patrick Murphy},
  title =        {Modeling Discussion (between) Goman Bommanahal Murphy},
  howpublished = {email},
  year =         {2013},
  month =        {June},
  note =         {Discussion on Wind tunnel testing, data-processing, and
  nonlinear nature of unsteady aerodynamics, in the context of F16XL wind tunnel test data},
}



@MANUAL{PIImanual2,
  TITLE =        {Package for Interactive Identification user guide},
  author =       {Sergie Usoletsev and Andrew Khramtsovsky},
  organization = {Central Aerohydrodynamic Institute TsAGI},
  address =      {Russia},
  edition =      {2.11},
  month =        {November},
  year =         {2002},
  source =       {http://www.slideshare.net/Project_KRIT/pii-user-guide-1993-eng},
}

@MANUAL{PIImanual1,
  TITLE =        {PII Scientific Package: the Textbook},
  author =       {Mikhail Goman and  Andrew Khramtsovsky and Sergie Usoletsev and Yu. Vinogodrov and S. Tyrtyshnikov},
  organization = {Central Aerohydrodynamic Institute TsAGI},
  address =      {Moscow, Russia},
  edition =      {1},
  month =        {November},
  year =         {1993},
}

 @InProceedings{GomanICAS94,
  author = 	{Mikhail Goman and Alexander Khrabrov and S. Usoltsev},
  title = 	 {Identification of Unsteady Aerodynamic Model of a Delta-wing at High Angels of Attack},
  booktitle = {10th IFAC Symposium on System Identification},
  year =	   {1994},
  publisher = {SYSID94},
 }

 @InProceedings{GomanICAS97,
  author = 	{Mikhail Goman and Alexander Khrabrov and S. Usoltsev},
  title = 	 {Unsteady Aerodynamic Model for Large Amplitude Maneuvers and its Parameter Estimation},
  booktitle = {11th IFAC Symposium on System Identification},
  year =	   {1997},
  publisher = {SYSID97},
 }

@InProceedings{SUPRAGoman,
  author = 	{Groen, E. et al.},
  title = 	 {SUPRA - Enhanced Upset Recovery Simulation},
  booktitle = {AIAA Modeling and Simulation Technologies Conference},
  year =	   {2012},
  publisher = {AIAA 2012-4630},
  address =	 {Minnesota, Minneapolis, USA},
  month = {August},
 }

@InProceedings{SUPRAICAS,
  author = 	{L. Fucke and E. Groen and M. Goman and N. Abramov and M. Wentink and S. Nooij and L. Zaichik},
  title = 	 {Final results of the supra project: Improved Simulation of Upset Recovery.},
  booktitle = {28th Congress of the International Council of the Aeronautical Sciences},
  year =	   {2012},
  publisher = {ICAS},
  address =	 {Brisbane, Australia},
  month = {September},
  pages = {4607-4616}
 }
